%%%%%%%%%%%%%%%%%%%%%% A %%%%%%%%%%%%%%%%%%%%%%

@ARTICLE{brandom2019some,
  title={Some Strands of Wittgensteinâ€™s Normative Pragmatism, and Some Strains of his Semantic Nihilism},
  author={Brandom, Robert B},
  journal={Disputatio. Philosophical Research Bulletin},
  volume={8},
  number={9},
  pages={81--109},
  year={2019}
}

@BOOK{wittgenstein2010philosophical,
  title={Philosophical investigations},
  author={Wittgenstein, Ludwig},
  year={2010},
  publisher={John Wiley \& Sons}
}

@ARTICLE{sellars1956empiricism,
  title={Empiricism and the Philosophy of Mind},
  author={Sellars, Wilfrid and others},
  journal={Minnesota studies in the philosophy of science},
  volume={1},
  number={19},
  pages={253--329},
  year={1956}
}