
@ARTICLE{brandom2019some,
  title={Some Strands of Wittgensteinâ€™s Normative Pragmatism, and Some Strains of his Semantic Nihilism},
  author={Brandom, Robert B},
  journal={Disputatio. Philosophical Research Bulletin},
  volume={8},
  number={9},
  pages={81--109},
  year={2019}
}

@BOOK{wittgenstein2010philosophical,
  title={Philosophical investigations},
  author={Wittgenstein, Ludwig},
  year={2010},
  publisher={John Wiley \& Sons}
}

@ARTICLE{sellars1956empiricism,
  title={Empiricism and the Philosophy of Mind},
  author={Sellars, Wilfrid and others},
  journal={Minnesota studies in the philosophy of science},
  volume={1},
  number={19},
  pages={253--329},
  year={1956}
}

@ARTICLE{castaneda1968logic,
  title={On the logic of attributions of self-knowledge to others},
  author={Casta{\~n}eda, Hector-Neri},
  journal={The journal of philosophy},
  volume={65},
  number={15},
  pages={439--456},
  year={1968}
}

@book{kripke1982wittgenstein,
  title={Wittgenstein on rules and private language: An elementary exposition},
  author={Kripke, Saul A},
  year={1982},
  publisher={Harvard University Press}
}

@article{sellars1954some,
  title={Some reflections on language games},
  author={Sellars, Wilfrid},
  journal={Philosophy of Science},
  volume={21},
  number={3},
  pages={204--228},
  year={1954},
  publisher={Williams and Wilkins Co.}
}

@incollection{lewis1976general,
  title={General semantics},
  author={Lewis, David},
  booktitle={Montague grammar},
  pages={1--50},
  year={1976},
  publisher={Elsevier}
}

@incollection{kripke1972naming,
  title={Naming and necessity},
  author={Kripke, Saul A},
  booktitle={Semantics of natural language},
  pages={253--355},
  year={1972},
  publisher={Springer}
}

@article{sellars1958counterfactuals,
  title={Counterfactuals, dispositions, and the causal modalities},
  author={Sellars, Wilfrid},
  year={1958},
  publisher={University of Minnesota Press, Minneapolis}
}

@book{smith2011immanuel,
  title={Immanuel Kant's critique of pure reason},
  author={Smith, Norman Kemp},
  year={2011},
  publisher={Read Books Ltd}
}

@article{sellars1953inference,
  title={Inference and meaning},
  author={Sellars, Wilfrid},
  journal={Mind},
  volume={62},
  number={247},
  pages={313--338},
  year={1953},
  publisher={JSTOR}
}

@article{sellars1950language,
  title={Language, rules and behavior},
  author={Sellars, Wilfrid},
  year={1950}
}

@book{de1987apology,
  title={An Apology for Raymond Sebond},
  author={De Montaigne, Michel},
  year={1987},
  publisher={Penguin UK}
}